@inproceedings{he2016deep,
  title={Deep residual learning for image recognition},
  author={He, Kaiming and Zhang, Xiangyu and Ren, Shaoqing and Sun, Jian},
  booktitle={Proceedings of the IEEE conference on computer vision and pattern recognition},
  pages={770--778},
  year={2016}
}


@article{brown2020language,
 title={Language models are few-shot learners},
 journal={Advances in neural information processing systems},
 volume={33},
 pages={1877--1901},
 year={2020}
}


