@article{jilkova2021digital,
  title={Digital consumer behaviour and ecommerce trends during the COVID-19 crisis},
  author={J{\'i}lkov{\'a}, Petra and Kr{\'a}lov{\'a}, Petra},
  journal={International Advances in Economic Research},
  volume={27},
  number={1},
  pages={83--85},
  year={2021},
  publisher={Springer}
}
@misc{chen2020simple,
      title={A Simple Framework for Contrastive Learning of Visual Representations}, 
      author={Ting Chen and Simon Kornblith and Mohammad Norouzi and Geoffrey Hinton},
      year={2020},
      eprint={2002.05709},
      archivePrefix={arXiv},
      primaryClass={cs.LG}
}
@article{wei2017selective,
  title={Selective convolutional descriptor aggregation for fine-grained image retrieval},
  author={Wei, Xiu-Shen and Luo, Jian-Hao and Wu, Jianxin and Zhou, Zhi-Hua},
  journal={IEEE Transactions on Image Processing},
  volume={26},
  number={6},
  pages={2868--2881},
  year={2017},
  publisher={IEEE}
}
@inproceedings{zheng2019towards,
  title={Towards optimal fine grained retrieval via decorrelated centralized loss with normalize-scale layer},
  author={Zheng, Xiawu and Ji, Rongrong and Sun, Xiaoshuai and Zhang, Baochang and Wu, Yongjian and Huang, Feiyue},
  booktitle={Proceedings of the AAAI Conference on Artificial Intelligence},
  volume={33},
  number={01},
  pages={9291--9298},
  year={2019}
}
@misc{jiangbo2021ebay,
  doi = {10.48550/ARXIV.2107.05856},
  url = {https://arxiv.org/abs/2107.05856},
  author = {Yuan, Jiangbo and Chiang, An-Ti and Tang, Wen and Haro, Antonio},
  keywords = {Computer Vision and Pattern Recognition (cs.CV), FOS: Computer and information sciences, FOS: Computer and information sciences},
  title = {eProduct: A Million-Scale Visual Search Benchmark to Address Product Recognition Challenges},
  publisher = {arXiv},
  year = {2021},
  copyright = {arXiv.org perpetual, non-exclusive license}
}
@inproceedings{he2016deep,
  title={Deep residual learning for image recognition},
  author={He, Kaiming and Zhang, Xiangyu and Ren, Shaoqing and Sun, Jian},
  booktitle={Proceedings of the IEEE conference on computer vision and pattern recognition},
  pages={770--778},
  year={2016}
}
@article{gao2020deep,
  title={Deep hierarchical classification for category prediction in e-commerce system},
  author={Gao, Dehong and Yang, Wenjing and Zhou, Huiling and Wei, Yi and Hu, Yi and Wang, Hao},
  journal={arXiv preprint arXiv:2005.06692},
  year={2020}
}
@inproceedings{deng2009imagenet,
  title={Imagenet: A large-scale hierarchical image database},
  author={Deng, Jia and Dong, Wei and Socher, Richard and Li, Li-Jia and Li, Kai and Fei-Fei, Li},
  booktitle={2009 IEEE conference on computer vision and pattern recognition},
  pages={248--255},
  year={2009},
  organization={Ieee}
}
@online{yona2018fast,
	title={Fast Near-Duplicate Image Search Using Locality Sensitive Hashing},
	author={Gal Yona},
	year=2018,
	url={https://towardsdatascience.com/fast-near-duplicate-image-search-using-locality-sensitive-hashing-d4c16058efcb},
	urldate={2022-05-10},
	originalyear={05.05.2018}
}
@online{agrawal2019finding,
		title={Finding Similar Images Using Deep Learning and Locality-Sensitive Hashing},
		author={Aayush Agrawal},
		year=2019,
		url={https://towardsdatascience.com/finding-similar-images-using-deep-learning-and-locality-sensitive-hashing-9528afee02f5},
		urldate={2022-04-20},
		
}
@online{gupta2018locality,
		title={Locality Sensitive Hashing},
		author={Shikhar Gupta},
		year=2018,
		url={https://towardsdatascience.com/understanding-locality-sensitive-hashing-49f6d1f6134},
		urldate={2022-04-25}
}
@book{rajaraman2011mining,
  title={Mining of massive datasets},
  author={Rajaraman, Anand and Ullman, Jeffrey David},
  year={2011},
  publisher={Cambridge University Press}
}
@article{zhai2018classification,
  title={Classification is a strong baseline for deep metric learning},
  author={Zhai, Andrew and Wu, Hao-Yu},
  journal={arXiv preprint arXiv:1811.12649},
  year={2018}
}
@inproceedings{shen2020auto,
  title={Auto-encoding twin-bottleneck hashing},
  author={Shen, Yuming and Qin, Jie and Chen, Jiaxin and Yu, Mengyang and Liu, Li and Zhu, Fan and Shen, Fumin and Shao, Ling},
  booktitle={Proceedings of the IEEE/CVF Conference on Computer Vision and Pattern Recognition},
  pages={2818--2827},
  year={2020}
}
@inproceedings{revaud2019learning,
  title={Learning with average precision: Training image retrieval with a listwise loss},
  author={Revaud, Jerome and Almaz{\'a}n, Jon and Rezende, Rafael S and Souza, Cesar Roberto de},
  booktitle={Proceedings of the IEEE/CVF International Conference on Computer Vision},
  pages={5107--5116},
  year={2019}
}
@InProceedings{Shen_2020_CVPR,
author = {Shen, Yuming and Qin, Jie and Chen, Jiaxin and Yu, Mengyang and Liu, Li and Zhu, Fan and Shen, Fumin and Shao, Ling},
title = {Auto-Encoding Twin-Bottleneck Hashing},
booktitle = {Proceedings of the IEEE/CVF Conference on Computer Vision and Pattern Recognition (CVPR)},
month = {June},
year = {2020}
}
@article{krizhevsky2009learning,
  title={Learning multiple layers of features from tiny images},
  author={Krizhevsky, Alex and Hinton, Geoffrey and others},
  year={2009},
  publisher={Citeseer}
}
