@inproceedings{he2016deep,
  title={Deep residual learning for image recognition},
  author={He, Kaiming and Zhang, Xiangyu and Ren, Shaoqing and Sun, Jian},
  booktitle={Proceedings of the IEEE conference on computer vision and pattern recognition},
  pages={770--778},
  year={2016}
}
@inproceedings{viola2001rapid,
  title={Rapid object detection using a boosted cascade of simple features},
  author={Viola, Paul and Jones, Michael},
  booktitle={Proceedings of the 2001 IEEE computer society conference on computer vision and pattern recognition. CVPR 2001},
  volume={1},
  pages={I--I},
  year={2001},
  organization={Ieee}
}
@inproceedings{tan2019efficientnet,
  title={Efficientnet: Rethinking model scaling for convolutional neural networks},
  author={Tan, Mingxing and Le, Quoc},
  booktitle={International conference on machine learning},
  pages={6105--6114},
  year={2019},
  organization={PMLR}
}
@InProceedings{Deng_2019_CVPR,
author = {Deng, Jiankang and Guo, Jia and Xue, Niannan and Zafeiriou, Stefanos},
title = {ArcFace: Additive Angular Margin Loss for Deep Face Recognition},
booktitle = {Proceedings of the IEEE/CVF Conference on Computer Vision and Pattern Recognition (CVPR)},
month = {June},
year = {2019}
}
@inproceedings{yan2019vargfacenet,
  title={Vargfacenet: An efficient variable group convolutional neural network for lightweight face recognition},
  author={Yan, Mengjia and Zhao, Mengao and Xu, Zining and Zhang, Qian and Wang, Guoli and Su, Zhizhong},
  booktitle={Proceedings of the IEEE/CVF International Conference on Computer Vision Workshops},
  pages={0--0},
  year={2019}
}
@InProceedings{Shi_2019_ICCV,
author = {Shi, Yichun and Jain, Anil K.},
title = {Probabilistic Face Embeddings},
booktitle = {Proceedings of the IEEE/CVF International Conference on Computer Vision (ICCV)},
month = {October},
year = {2019}
}
@misc{boutros2019elastic,
  doi = {10.48550/ARXIV.2109.09416},
  
  url = {https://arxiv.org/abs/2109.09416},
  
  author = {Boutros, Fadi and Damer, Naser and Kirchbuchner, Florian and Kuijper, Arjan},
  
  keywords = {Computer Vision and Pattern Recognition (cs.CV), FOS: Computer and information sciences, FOS: Computer and information sciences},
  
  title = {ElasticFace: Elastic Margin Loss for Deep Face Recognition},
  
  publisher = {arXiv},
  
  year = {2021},
  
  copyright = {arXiv.org perpetual, non-exclusive license}
}
@misc{casiawebface,
  doi = {10.48550/ARXIV.1411.7923},
  
  url = {https://arxiv.org/abs/1411.7923},
  
  author = {Yi, Dong and Lei, Zhen and Liao, Shengcai and Li, Stan Z.},
  
  keywords = {Computer Vision and Pattern Recognition (cs.CV), FOS: Computer and information sciences, FOS: Computer and information sciences},
  
  title = {Learning Face Representation from Scratch},
  
  publisher = {arXiv},
  
  year = {2014},
  
  copyright = {arXiv.org perpetual, non-exclusive license}
}
@TechReport{LFWTech,
  author =       {Gary B. Huang and Manu Ramesh and Tamara Berg and 
                  Erik Learned-Miller},
  title =        {Labeled Faces in the Wild: A Database for Studying 
                  Face Recognition in Unconstrained Environments},
  institution =  {University of Massachusetts, Amherst},
  year =         2007,
  number =       {07-49},
  month =        {October}}
